<?xml version="1.0" encoding="UTF-8"?><record xmlns="http://www.loc.gov/MARC21/slim" xmlns:cinclude="http://apache.org/cocoon/include/1.0" xmlns:zs="http://www.loc.gov/zing/srw/">
  <leader>00497nz  a2200133n  4500</leader>
  <controlfield tag="001">n 2010181150</controlfield>
  <controlfield tag="003">DLC</controlfield>
  <controlfield tag="005">20100320075031.0</controlfield>
  <controlfield tag="008">100319n| acannaabn          |n aaa      </controlfield>
  <datafield tag="010" ind1=" " ind2=" ">
    <subfield code="a">n 2010181150</subfield>
  </datafield>
  <datafield tag="035" ind1=" " ind2=" ">
    <subfield code="a">(DNLM)1470186</subfield>
  </datafield>
  <datafield tag="040" ind1=" " ind2=" ">
    <subfield code="a">DNLM</subfield>
    <subfield code="b">eng</subfield>
    <subfield code="c">DNLM</subfield>
  </datafield>
  <datafield tag="100" ind1="1" ind2=" ">
    <subfield code="a">Cantrell, Mary Ann</subfield>
  </datafield>
  <datafield tag="670" ind1=" " ind2=" ">
    <subfield code="a">Schaum's outline of pediatric nursing, c2011:</subfield>
    <subfield code="b">ECIP t.p. (Mary Ann Cantrell, R.N. and Ph.D., associate prof., Villanova Univ.) galley (Ph.D. in nursing from the Univ. of Maryland, Baltimore County in 1997)</subfield>
  </datafield>
</record>